<record><leader>00000cas a2200000 a 4500</leader><controlfield tag="001">69374960</controlfield><controlfield tag="008">060525c20069999nyuwr ne      0   a0eng c</controlfield><datafield ind1=" " ind2=" " tag="010"><subfield code="a">  2006245259</subfield></datafield><datafield ind1=" " ind2=" " tag="040"><subfield code="a">NYG</subfield><subfield code="b">eng</subfield><subfield code="c">NYG</subfield><subfield code="d">NYG</subfield><subfield code="d">OCLCQ</subfield><subfield code="d">OCLCF</subfield><subfield code="d">OCLCO</subfield></datafield><datafield ind1="1" ind2=" " tag="029"><subfield code="a">AU@</subfield><subfield code="b">000040326390</subfield></datafield><datafield ind1=" " ind2=" " tag="037"><subfield code="b">Altamont Enterprise, 123 Maple Ave., Altamont, N.Y. 12009</subfield></datafield><datafield ind1=" " ind2=" " tag="042"><subfield code="a">pcc</subfield></datafield><datafield ind1=" " ind2=" " tag="043"><subfield code="a">n-us-ny</subfield></datafield><datafield ind1="0" ind2=" " tag="130"><subfield code="a">Altamont enterprise and Albany County post (Altamont, N.Y. : 2006)</subfield></datafield><datafield ind1="1" ind2="4" tag="245"><subfield code="a">The Altamont enterprise and Albany County post.</subfield></datafield><datafield ind1="3" ind2=" " tag="246"><subfield code="a">Altamont enterprise &amp; Albany County post</subfield><subfield code="f">&lt;Apr. 20, 2006&gt;-</subfield></datafield><datafield ind1=" " ind2=" " tag="260"><subfield code="a">Altamont, N.Y. :</subfield><subfield code="b">James E. Gardner,</subfield><subfield code="c">2006-</subfield></datafield><datafield ind1=" " ind2=" " tag="300"><subfield code="a">v. :</subfield><subfield code="b">ill. ;</subfield><subfield code="c">44 cm.</subfield></datafield><datafield ind1=" " ind2=" " tag="310"><subfield code="a">Weekly</subfield></datafield><datafield ind1="0" ind2=" " tag="362"><subfield code="a">Mar. 2, 2006, no. 32-</subfield></datafield><datafield ind1=" " ind2=" " tag="500"><subfield code="a">"Albany County's independent newspaper for ... years."</subfield></datafield><datafield ind1=" " ind2=" " tag="515"><subfield code="a">Numbering starts over with no. 1 each year, usually in July.</subfield></datafield><datafield ind1=" " ind2="0" tag="651"><subfield code="a">Altamont (N.Y.)</subfield><subfield code="v">Newspapers.</subfield></datafield><datafield ind1=" " ind2="0" tag="651"><subfield code="a">Albany County (N.Y.)</subfield><subfield code="v">Newspapers.</subfield></datafield><datafield ind1=" " ind2="7" tag="655"><subfield code="a">Newspapers.</subfield><subfield code="2">fast</subfield><subfield code="0">(OCoLC)fst01423814</subfield></datafield><datafield ind1=" " ind2="7" tag="651"><subfield code="a">New York (State)</subfield><subfield code="z">Albany County.</subfield><subfield code="2">fast</subfield><subfield code="0">(OCoLC)fst01210357</subfield></datafield><datafield ind1=" " ind2="7" tag="651"><subfield code="a">New York (State)</subfield><subfield code="z">Altamont.</subfield><subfield code="2">fast</subfield><subfield code="0">(OCoLC)fst01229429</subfield></datafield><datafield ind1=" " ind2=" " tag="752"><subfield code="a">United States</subfield><subfield code="b">New York</subfield><subfield code="c">Albany</subfield><subfield code="d">Altamont.</subfield></datafield><datafield ind1="0" ind2="0" tag="780"><subfield code="t">Altamont enterprise (Altamont, N.Y. : 1983)</subfield><subfield code="w">(DLC)sn 86011850</subfield><subfield code="w">(OCoLC)14354034</subfield></datafield></record>